@article{abcsimple,
  author =       "Mur,Gerrit",
  title =        "Absorbing Boundary Conditions for the Finite-Difference Approximation of the
                  Time-Domain Electromagnetic-Field Equations",
  journal =      "{IEEE} Transactions on Electromagnetic Compatibility",
  volume =       "EMC-23",
  number =       4,
  year =         1981,
  month =        "November"
}

@article{yee66,
  author =       "Yee,Kane S",
  title =        "Numerical Solution of Inital Boundary Value Problems Involving Maxwell'sEquations
                  in Isotropic Media",
  journal =      "{IEEE} Transactions on Antennas and Propagation",
  volume =       "AP-14",
  number =       "3",
  year =         "1966",
  month =        "May",
}

@unpublished{ebook,
  author =       "Schneider,John B",
  title =        "Understanding the {FDTD} Method",
  chapter =      3,
  url =          "www.eecs.wsu.edu/~schneidj/ufhth,2010",
  note =         "lecture notes compiled into a book and published online"
}
@Book{Parallel,
  author =       "Yu,Wenhua and Mittra,Raj and Su,Tao and Liu,Yongjun and Yang,Xiaoling",
  title =        "Parallel Finite-Difference Time-Domain Method",
  publisher =    "Artech House",
  year =         "2006"
}
@book{other,
  title = "Computational Electromagnetics for RF and Microwave Engineering",
  author= "Davidson,David B",
  publisher = "Cambridge University Press",
  year = "2010"
}
@article{ADI,
  author =       "Namiki,Takefumi",
  title =        "{3-D} {ADI-FDTD} Method-Unconditionally Stable Time-Domain Algorithm for Solving
                  Full Vector Maxwell's Equations",
  journal =      "{IEEE} Transactions on Microwave Theory and Techniques",
  volume =       "48",
  number =       "10",
  OPTpages =     "",
  year =         "2000",
  month =        "October",
  OPTnote =      "",
}
@misc{wiki,
  url =          "http://fdtd.wikispaces.com",
  note=          "wiki giving a simple overview of the fdtd method"
}
@article{berenger-pml,
  author =       "Berenger,Jean-Pierre",
  title =        "Perfectly Matched Layer Medium for the Absorption of ElectromagneticWaves",
  journal =      "Journal of Computational Physics",
  volume =    "114",
  OPTnumber =    "",
  OPTpages =     "",
  year =         "1994",
  OPTmonth =     "month",
  OPTnote =      "",
}
@misc{openEMS,
  author =       "Thorsten Liebig",
  title =        "openEMS - Open Electromagnetic Field Solver",
  organization = "General and Theoretical Electrical Engineering (ATE), University of
                  Duisburg-Essen",
  url =          "http://openEMS.de"
}

@Manual{hdf5,
  title =        "HDF5 User's Guide",
  organization = "The HDF5 Group",
  edition =   "1.8.8",
  month =     "November",
  year =      "2011",
}

@article{article,
  author =       "",
  title =        "",
  journal =      "",
  OPTvolume =    "",
  OPTnumber =    "",
  OPTpages =     "",
  year =         "XXXX",
  OPTmonth =     "month",
  OPTnote =      "",
}
